@article{quarks,
  author  = {Gell-Mann, Murray},
  title   = {{A Schematic Model of Baryons and Mesons}},
  doi     = {10.1016/S0031-9163(64)92001-3},
  journal = {Phys. Lett.},
  volume  = {8},
  pages   = {214--215},
  year    = {1964}
}

@article{ATLAS,
  author        = {Aad, G. and others},
  collaboration = {ATLAS},
  title         = {{The ATLAS Experiment at the CERN Large Hadron Collider}},
  doi           = {10.1088/1748-0221/3/08/S08003},
  journal       = {JINST},
  volume        = {3},
  pages         = {S08003},
  year          = {2008}
}

@article{lhc,
  editor  = {Evans, Lyndon and Bryant, Philip},
  title   = {{LHC Machine}},
  doi     = {10.1088/1748-0221/3/08/S08001},
  journal = {JINST},
  volume  = {3},
  pages   = {S08001},
  year    = {2008}
}
@misc{cern,
  howpublished = {\url{http://www.cern.ch/},  last accessed \today},
  title        = {{CERN (The European Organization for Nuclear Research) }}
}
@inproceedings{hadronisation,
  author        = {Webber, B. R.},
  title         = {{Hadronization}},
  booktitle     = {{Summer School on Hadronic Aspects of Collider Physics}},
  eprint        = {hep-ph/9411384},
  archiveprefix = {arXiv},
  reportnumber  = {CAVENDISH-HEP-94-17},
  pages         = {49--77},
  month         = {11},
  year          = {1994}
}
@article{jet,
  author        = {Dasgupta, Mrinal and Magnea, Lorenzo and Salam, Gavin P.},
  title         = {{Non-perturbative QCD effects in jets at hadron colliders}},
  eprint        = {0712.3014},
  archiveprefix = {arXiv},
  primaryclass  = {hep-ph},
  reportnumber  = {DFTT-27-2007, MAN-HEP-2007-41},
  doi           = {10.1088/1126-6708/2008/02/055},
  journal       = {JHEP},
  volume        = {02},
  pages         = {055},
  year          = {2008}
}

@article{antikt,
  author        = {Cacciari, Matteo and Salam, Gavin P. and Soyez, Gregory},
  title         = {{The anti-$k_t$ jet clustering algorithm}},
  eprint        = {0802.1189},
  archiveprefix = {arXiv},
  primaryclass  = {hep-ph},
  reportnumber  = {LPTHE-07-03},
  doi           = {10.1088/1126-6708/2008/04/063},
  journal       = {JHEP},
  volume        = {04},
  pages         = {063},
  year          = {2008}
}
@techreport{ntrk_tag,
  collaboration = {ATLAS},
  title         = {{Quark versus Gluon Jet Tagging Using Charged Particle
                   Multiplicity with the ATLAS Detector}},
  institution   = {CERN},
  reportnumber  = {ATL-PHYS-PUB-2017-009},
  address       = {Geneva},
  year          = {2017},
  url           = {https://cds.cern.ch/record/2263679}
}

@techreport{bdt_tag,
  author       = {Su, Wanyun and Nachman, Ben and Saraivanov, Evan Robert
                  and Myin, Htet Aung and Qian, Rongqian and Zhao, Haoran and
                  Hsu, Shih-Chieh and Li, Shu},
  title        = {{Calibration of the quark/gluon jet tagging variables
                  using matrix method with the ATLAS detector}},
  institution  = {CERN},
  reportnumber = {ATL-COM-PHYS-2022-134},
  address      = {Geneva},
  year         = {2022},
  url          = {https://cds.cern.ch/record/2802919}
}

@article{bdt,
  author     = {Tianqi Chen and
                Carlos Guestrin},
  title      = {XGBoost: {A} Scalable Tree Boosting System},
  journal    = {CoRR},
  volume     = {abs/1603.02754},
  year       = {2016},
  url        = {http://arxiv.org/abs/1603.02754},
  eprinttype = {arXiv},
  eprint     = {1603.02754},
  timestamp  = {Sat, 17 Dec 2022 01:15:28 +0100},
  biburl     = {https://dblp.org/rec/journals/corr/ChenG16.bib},
  bibsource  = {dblp computer science bibliography, https://dblp.org}
}

@article{highway,
  author     = {Rupesh Kumar Srivastava and
                Klaus Greff and
                J{\"{u}}rgen Schmidhuber},
  title      = {Highway Networks},
  journal    = {CoRR},
  volume     = {abs/1505.00387},
  year       = {2015},
  url        = {http://arxiv.org/abs/1505.00387},
  eprinttype = {arXiv},
  eprint     = {1505.00387},
  timestamp  = {Mon, 13 Aug 2018 16:48:21 +0200},
  biburl     = {https://dblp.org/rec/journals/corr/SrivastavaGS15.bib},
  bibsource  = {dblp computer science bibliography, https://dblp.org}
}

@article{att_is_all,
  author     = {Ashish Vaswani and
                Noam Shazeer and
                Niki Parmar and
                Jakob Uszkoreit and
                Llion Jones and
                Aidan N. Gomez and
                Lukasz Kaiser and
                Illia Polosukhin},
  title      = {Attention Is All You Need},
  journal    = {CoRR},
  volume     = {abs/1706.03762},
  year       = {2017},
  url        = {http://arxiv.org/abs/1706.03762},
  eprinttype = {arXiv},
  eprint     = {1706.03762},
  timestamp  = {Sat, 23 Jan 2021 01:20:40 +0100},
  biburl     = {https://dblp.org/rec/journals/corr/VaswaniSPUJGKP17.bib},
  bibsource  = {dblp computer science bibliography, https://dblp.org}
}


@inproceedings{deit3,
  title     = {DeiT III: Revenge of the ViT},
  author    = {Hugo Touvron and Matthieu Cord and Herv'e J'egou},
  booktitle = {European Conference on Computer Vision},
  year      = {2022}
}

@article{bert,
  author     = {Jacob Devlin and
                Ming{-}Wei Chang and
                Kenton Lee and
                Kristina Toutanova},
  title      = {{BERT:} Pre-training of Deep Bidirectional Transformers for Language
                Understanding},
  journal    = {CoRR},
  volume     = {abs/1810.04805},
  year       = {2018},
  url        = {http://arxiv.org/abs/1810.04805},
  eprinttype = {arXiv},
  eprint     = {1810.04805},
  timestamp  = {Tue, 30 Oct 2018 20:39:56 +0100},
  biburl     = {https://dblp.org/rec/journals/corr/abs-1810-04805.bib},
  bibsource  = {dblp computer science bibliography, https://dblp.org}
}

@article{cms,
  author        = {Chatrchyan, S. and others},
  collaboration = {CMS},
  title         = {{The CMS Experiment at the CERN LHC}},
  doi           = {10.1088/1748-0221/3/08/S08004},
  journal       = {JINST},
  volume        = {3},
  pages         = {S08004},
  year          = {2008}
}

@article{part,
  author        = {Qu, Huilin and Li, Congqiao and Qian, Sitian},
  title         = {{Particle Transformer for Jet Tagging}},
  eprint        = {2202.03772},
  archiveprefix = {arXiv},
  primaryclass  = {hep-ph},
  month         = {2},
  year          = {2022}
}

@book{schartz,
  author    = {Schwartz, Matthew D.},
  title     = {{Quantum Field Theory and the Standard Model}},
  isbn      = {978-1-107-03473-0, 978-1-107-03473-0},
  publisher = {Cambridge University Press},
  month     = {3},
  year      = {2014}
}

@article{pdg,
  author        = {Zyla, P. A. and others},
  collaboration = {Particle Data Group},
  title         = {{Review of Particle Physics}},
  doi           = {10.1093/ptep/ptaa104},
  journal       = {PTEP},
  volume        = {2020},
  number        = {8},
  pages         = {083C01},
  year          = {2020}
}

@inproceedings{sadbury,
  author        = {Oser, S. M.},
  collaboration = {SNO},
  title         = {{Neutrino oscillation results from the Sudbury Neutrino Observatory}},
  booktitle     = {{31st International Conference on High Energy Physics}},
  pages         = {8--17},
  month         = {12},
  year          = {2001}
}

@article{dirac,
  author  = {{Dirac}, P.~A.~M.},
  title   = {{The Quantum Theory of the Emission and Absorption of Radiation}},
  journal = {Proceedings of the Royal Society of London Series A},
  year    = 1927,
  month   = mar,
  volume  = {114},
  number  = {767},
  pages   = {243-265},
  doi     = {10.1098/rspa.1927.0039},
  adsurl  = {https://ui.adsabs.harvard.edu/abs/1927RSPSA.114..243D},
  adsnote = {Provided by the SAO/NASA Astrophysics Data System}
}

@article{feynman,
  author  = {{Feynman}, R.~P.},
  title   = {{Space-Time Approach to Quantum Electrodynamics}},
  journal = {Physical Review},
  year    = 1949,
  month   = sep,
  volume  = {76},
  number  = {6},
  pages   = {769-789},
  doi     = {10.1103/PhysRev.76.769},
  adsurl  = {https://ui.adsabs.harvard.edu/abs/1949PhRv...76..769F},
  adsnote = {Provided by the SAO/NASA Astrophysics Data System}
}

@book{fecko,
  place     = {Cambridge},
  title     = {Differential Geometry and Lie Groups for Physicists},
  doi       = {10.1017/CBO9780511755590},
  publisher = {Cambridge University Press},
  author    = {Fecko, Mari√°n},
  year      = {2006}
}

@book{intro_to_part,
  author = {Halzen, F. and Martin, Alan D.},
  title  = {{QUARKS AND LEPTONS: AN INTRODUCTORY COURSE IN MODERN PARTICLE PHYSICS}},
  isbn   = {978-0-471-88741-6},
  year   = {1984}
}

@book{qcd,
  author = {Ch\'{y}la, J.},
  title  = {{Quartks, partons and Quantum Chromodynamics}},
  year   = {2009}
}

@article{IR_sing_K,
  author  = {{Kinoshita}, Toichiro},
  title   = {{Mass Singularities of Feynman Amplitudes}},
  journal = {Journal of Mathematical Physics},
  year    = 1962,
  month   = jul,
  volume  = {3},
  number  = {4},
  pages   = {650-677},
  doi     = {10.1063/1.1724268},
  adsurl  = {https://ui.adsabs.harvard.edu/abs/1962JMP.....3..650K},
  adsnote = {Provided by the SAO/NASA Astrophysics Data System}
}


@article{IR_sing_LN,
  author  = {{Lee}, T.~D. and {Nauenberg}, M.},
  title   = {{Degenerate Systems and Mass Singularities}},
  journal = {Physical Review},
  year    = 1964,
  month   = mar,
  volume  = {133},
  number  = {6B},
  pages   = {B1549-B1562},
  doi     = {10.1103/PhysRev.133.B1549},
  adsurl  = {https://ui.adsabs.harvard.edu/abs/1964PhRv..133.1549L},
  adsnote = {Provided by the SAO/NASA Astrophysics Data System}
}

@inproceedings{qcd_salam,
  author        = {Salam, Gavin P.},
  title         = {{Elements of QCD for hadron colliders}},
  booktitle     = {{2009 European School of High-Energy Physics}},
  eprint        = {1011.5131},
  archiveprefix = {arXiv},
  primaryclass  = {hep-ph},
  month         = {11},
  year          = {2010}
}

@article{lund,
  author       = {Andersson, Bo and Gustafson, G. and Ingelman, G. and Sjostrand, T.},
  title        = {{Parton Fragmentation and String Dynamics}},
  reportnumber = {LU-TP-83-10},
  doi          = {10.1016/0370-1573(83)90080-7},
  journal      = {Phys. Rept.},
  volume       = {97},
  pages        = {31--145},
  year         = {1983}
}

@article{cluster_frag,
  author       = {Webber, B. R.},
  title        = {{A QCD Model for Jet Fragmentation Including Soft Gluon Interference}},
  reportnumber = {CERN-TH-3713},
  doi          = {10.1016/0550-3213(84)90333-X},
  journal      = {Nucl. Phys. B},
  volume       = {238},
  pages        = {492--528},
  year         = {1984}
}

@article{pythia,
  doi       = {10.1016/j.cpc.2015.01.024},
  url       = {https://doi.org/10.1016%2Fj.cpc.2015.01.024},
  year      = 2015,
  month     = {jun},
  publisher = {Elsevier {BV}},
  volume    = {191},
  pages     = {159--177},
  author    = {Torbj√∂rn Sj√∂strand and Stefan Ask and Jesper R. Christiansen and Richard Corke and Nishita Desai and Philip Ilten and Stephen Mrenna and Stefan Prestel and Christine O. Rasmussen and Peter Z. Skands},
  title     = {An introduction to {PYTHIA} 8.2},
  journal   = {Computer Physics Communications}
}

@article{geant4,
  author        = {Asai, M},
  collaboration = {GEANT4},
  title         = {{Introduction to Geant4}},
  year          = {2000},
  url           = {https://cds.cern.ch/record/491492},
  doi           = {10.5170/CERN-2000-013.107}
}

@article{atlas_sym,
  author        = {Aad, G. and others},
  collaboration = {ATLAS},
  title         = {{The ATLAS Simulation Infrastructure}},
  eprint        = {1005.4568},
  archiveprefix = {arXiv},
  primaryclass  = {physics.ins-det},
  doi           = {10.1140/epjc/s10052-010-1429-9},
  journal       = {Eur. Phys. J. C},
  volume        = {70},
  pages         = {823--874},
  year          = {2010}
}

@article{PFO,
  author        = {Aaboud, Morad and others},
  collaboration = {ATLAS},
  title         = {{Jet reconstruction and performance using particle flow with the ATLAS Detector}},
  eprint        = {1703.10485},
  archiveprefix = {arXiv},
  primaryclass  = {hep-ex},
  reportnumber  = {CERN-EP-2017-024},
  doi           = {10.1140/epjc/s10052-017-5031-2},
  journal       = {Eur. Phys. J. C},
  volume        = {77},
  number        = {7},
  pages         = {466},
  year          = {2017}
}

@article{topocluster,
  author        = {Aad, Georges and others},
  collaboration = {ATLAS},
  title         = {{Topological cell clustering in the ATLAS calorimeters and its performance in LHC Run 1}},
  eprint        = {1603.02934},
  archiveprefix = {arXiv},
  primaryclass  = {hep-ex},
  reportnumber  = {CERN-PH-EP-2015-304},
  doi           = {10.1140/epjc/s10052-017-5004-5},
  journal       = {Eur. Phys. J. C},
  volume        = {77},
  pages         = {490},
  year          = {2017}
}


@article{jvt,
  collaboration = {ATLAS},
  title         = {{Tagging and suppression of pileup jets}},
  reportnumber  = {ATLAS-CONF-2014-018},
  month         = {5},
  year          = {2014}
}

@article{fjvt,
  author        = {Aaboud, Morad and others},
  collaboration = {ATLAS},
  title         = {{Identification and rejection of pile-up jets at high pseudorapidity with the ATLAS detector}},
  eprint        = {1705.02211},
  archiveprefix = {arXiv},
  primaryclass  = {hep-ex},
  reportnumber  = {CERN-EP-2017-055},
  doi           = {10.1140/epjc/s10052-017-5081-5},
  journal       = {Eur. Phys. J. C},
  volume        = {77},
  number        = {9},
  pages         = {580},
  year          = {2017},
  note          = {[Erratum: Eur.Phys.J.C 77, 712 (2017)]}
}

@article{jet_reco_rev,
  author  = {Atkin, Ryan},
  editor  = {Cornell, Alan S. and Mellado, Bruce},
  title   = {{Review of jet reconstruction algorithms}},
  doi     = {10.1088/1742-6596/645/1/012008},
  journal = {J. Phys. Conf. Ser.},
  volume  = {645},
  number  = {1},
  pages   = {012008},
  year    = {2015}
}

@article{SISCone,
  author        = {Weinzierl, Stefan},
  title         = {{The SISCone jet algorithm optimised for low particle multiplicities}},
  eprint        = {1108.1934},
  archiveprefix = {arXiv},
  primaryclass  = {hep-ph},
  doi           = {10.1016/j.cpc.2011.12.007},
  journal       = {Comput. Phys. Commun.},
  volume        = {183},
  pages         = {813--820},
  year          = {2012}
}

@article{kt,
  author       = {Catani, S. and Dokshitzer, Yuri L. and Seymour, M. H. and Webber, B. R.},
  title        = {{Longitudinally invariant $K_t$ clustering algorithms for hadron hadron collisions}},
  reportnumber = {CERN-TH-6775-93, LU-TP-93-2},
  doi          = {10.1016/0550-3213(93)90166-M},
  journal      = {Nucl. Phys. B},
  volume       = {406},
  pages        = {187--224},
  year         = {1993}
}

@article{Cam_Aachen_alg,
  author        = {Dokshitzer, Yuri L. and Leder, G. D. and Moretti, S. and Webber, B. R.},
  title         = {{Better jet clustering algorithms}},
  eprint        = {hep-ph/9707323},
  archiveprefix = {arXiv},
  reportnumber  = {CAVENDISH-HEP-97-06},
  doi           = {10.1088/1126-6708/1997/08/001},
  journal       = {JHEP},
  volume        = {08},
  pages         = {001},
  year          = {1997}
}

@article{pdf_feynman,
  title     = {Very High-Energy Collisions of Hadrons},
  author    = {Feynman, Richard P.},
  journal   = {Phys. Rev. Lett.},
  volume    = {23},
  issue     = {24},
  pages     = {1415--1417},
  numpages  = {0},
  year      = {1969},
  month     = {Dec},
  publisher = {American Physical Society},
  doi       = {10.1103/PhysRevLett.23.1415},
  url       = {https://link.aps.org/doi/10.1103/PhysRevLett.23.1415}
}

@article{atlas_A14_tunes,
  title        = {{ATLAS Pythia 8 tunes to 7 TeV data}},
  reportnumber = {ATL-PHYS-PUB-2014-021},
  month        = {11},
  year         = {2014}
}

@inproceedings{NNPDF23LO,
  author        = {Carrazza, Stefano and Forte, Stefano and Rojo, Juan},
  title         = {{Parton Distributions and Event Generators}},
  booktitle     = {{43rd International Symposium on Multiparticle Dynamics}},
  eprint        = {1311.5887},
  archiveprefix = {arXiv},
  primaryclass  = {hep-ph},
  pages         = {89--96},
  year          = {2013}
}
@misc{evtgen,
  author       = {Back, John and  Kreps, Michal and Latham, Thomas},
  howpublished = {\url{https://evtgen.hepforge.org}},
  title        = {EvtGen},
  year         = {2020}
}

@book{deeplearningbook,
  title     = {Deep Learning},
  author    = {Ian Goodfellow and Yoshua Bengio and Aaron Courville},
  publisher = {MIT Press},
  note      = {\url{http://www.deeplearningbook.org}},
  year      = {2016}
}


@inproceedings{mlp,
  author    = {Van Der Malsburg, C.},
  editor    = {Palm, G{\"u}nther
               and Aertsen, Ad},
  title     = {Frank Rosenblatt: Principles of Neurodynamics: Perceptrons and the Theory of Brain Mechanisms},
  booktitle = {Brain Theory},
  year      = {1986},
  publisher = {Springer Berlin Heidelberg},
  address   = {Berlin, Heidelberg},
  pages     = {245--248},
  abstract  = {Frank Rosenblatt's intention with his book, according to his own introduction, is not just to describe a machine, the perceptron, but rather to put forward a theory. He formulates a series of machines. Each machine serves to introduce a new concept.},
  isbn      = {978-3-642-70911-1}
}

@article{qcd_as_nlp,
  author        = {Finke, Thorben and Kr\"amer, Michael and M\"uck, Alexander and T\"onshoff, Jan},
  title         = {{Learning the language of QCD jets with transformers}},
  eprint        = {2303.07364},
  archiveprefix = {arXiv},
  primaryclass  = {hep-ph},
  month         = {3},
  year          = {2023}
}

@article{masked_autoencoders,
  author     = {Kaiming He and
                Xinlei Chen and
                Saining Xie and
                Yanghao Li and
                Piotr Doll{\'{a}}r and
                Ross B. Girshick},
  title      = {Masked Autoencoders Are Scalable Vision Learners},
  journal    = {CoRR},
  volume     = {abs/2111.06377},
  year       = {2021},
  url        = {https://arxiv.org/abs/2111.06377},
  eprinttype = {arXiv},
  eprint     = {2111.06377},
  timestamp  = {Tue, 16 Nov 2021 12:12:31 +0100},
  biburl     = {https://dblp.org/rec/journals/corr/abs-2111-06377.bib},
  bibsource  = {dblp computer science bibliography, https://dblp.org}
}